<record><leader>00000cas a22000007a 4500</leader><controlfield tag="001">21480852</controlfield><controlfield tag="008">900504d19751982mouwr ne      0    0eng d</controlfield><datafield ind1=" " ind2=" " tag="010"><subfield code="a">sn 90061623 </subfield></datafield><datafield ind1=" " ind2=" " tag="040"><subfield code="a">MQN</subfield><subfield code="b">eng</subfield><subfield code="c">MQN</subfield><subfield code="d">OCLCQ</subfield></datafield><datafield ind1=" " ind2=" " tag="042"><subfield code="a">msc</subfield></datafield><datafield ind1="0" ind2="4" tag="245"><subfield code="a">The Smithville democrat-herald.</subfield></datafield><datafield ind1=" " ind2=" " tag="260"><subfield code="a">Smithville, Clay County, Mo. :</subfield><subfield code="b">B.J. and Vera Bunch,</subfield><subfield code="c">1975-1982.</subfield></datafield><datafield ind1=" " ind2=" " tag="300"><subfield code="a">v.</subfield></datafield><datafield ind1=" " ind2=" " tag="310"><subfield code="a">Weekly</subfield></datafield><datafield ind1="0" ind2=" " tag="362"><subfield code="a">Vol. 88, no. 5 (Sept. 18, 1975)-v. 94, no. 38 (Apr. 29, 1982).</subfield></datafield><datafield ind1=" " ind2=" " tag="752"><subfield code="a">United States</subfield><subfield code="b">Missouri</subfield><subfield code="c">Clay</subfield><subfield code="d">Smithville.</subfield></datafield><datafield ind1="0" ind2="0" tag="780"><subfield code="t">Democrat-herald (Smithville, Mo.)</subfield><subfield code="w">(DLC)sn 90061622</subfield></datafield><datafield ind1="0" ind2="0" tag="785"><subfield code="t">Smithville Lake democrat-herald</subfield><subfield code="w">(DLC)sn 90061624</subfield></datafield></record>